@MISC{Wiki:Map,
author = {Wikipedia},
title = {Map (higher-order function)},
month = feb,
year = {2014},
url = {http://en.wikipedia.org/wiki/Map_(higher-order_function)}
}

@MISC{Wiki:Filter,
author = {Wikipedia},
title = {Filter (higher-order function)},
month = sep,
year = {2013},
url = {http://en.wikipedia.org/wiki/Filter_(higher-order_function)}
}

@MISC{Wiki:Fold,
author = {Wikipedia},
title = {Fold (higher-order function)},
month = feb,
year = {2014},
url = {http://en.wikipedia.org/wiki/Fold_(higher-order_function)}
}

@MISC{Wiki:JoinSQL,
author = {Wikipedia},
title = {Join (SQL)},
month = mar,
year = {2014},
url = {http://en.wikipedia.org/wiki/Join_(SQL)}
}

@MISC{Wiki:JoinRA,
author = {Wikipedia},
title = {Join (Relational Algebra)},
month = mar,
year = {2014},
url = {http://en.wikipedia.org/wiki/Join_(relational_algebra)#Joins_and_join-like_operators}
}

@MISC{w3cs:groupby,
author = {w3cschools},
title = {GROUP BY},
month = mar,
year = {2014},
url = {http://www.w3schools.com/sql/sql_groupby.asp}
}




